%% This BibTeX bibliography file was created using BibDesk.
%% http://bibdesk.sourceforge.net/


%% Created for Lauro Cesar Araujo at 2013-08-21 10:57:09 -0300 


%% Saved with string encoding Unicode (UTF-8) 

@techreport{rsl-manual,
	author = {Barbara Kitchenham},
	title = {Procedures for Performing Systematic Reviews},
	institution = {Department of Computer Science, Keele University, Keele, Staffs, ST5 5BG, UK},
	year = {2004},
	month = {July}
}

