%% This BibTeX bibliography file was created using BibDesk.
%% http://bibdesk.sourceforge.net/


%% Created for Lauro Cesar Araujo at 2013-08-21 10:57:09 -0300 


%% Saved with string encoding Unicode (UTF-8) 

@techreport{Kitchenham,
    author = {Barbara Kitchenham},
    title = {Procedures for Performing Systematic Reviews},
    institution = {Department of Computer Science, Keele University, Keele, Staffs, ST5 5BG, UK},
    year = {2004},
    month = {July}
}

@INPROCEEDINGS{cermine,
    author={Tkaczyk, D. and Szostek, P. and Dendek, P.J. and Fedoryszak, M. and Bolikowski, L.},
    booktitle={Document Analysis Systems (DAS), 2014 11th IAPR International Workshop on},
    title={CERMINE -- Automatic Extraction of Metadata and References from Scientific Literature},
    year={2014},
    pages={217-221},
    keywords={bibliographic systems;document handling;meta data;public domain software;scientific information systems;software architecture;unsupervised learning;CERMINE;born-digital form;comprehensive open source system;document layouts;metadata extraction;modular workflow;parsed bibliographic references;scientific articles;scientific literature;unsupervised machine-learning techniques;workflow architecture;Abstracts;Computer architecture;Data mining;Feature extraction;Libraries;Portable document format;Support vector machines;PDF processing;bibliographic references extraction;document analysis;metadata extraction;zone classification},
    doi={10.1109/DAS.2014.63},
    month={April}
}

@article{teambeam,
    title={TeamBeam  Meta-Data Extraction from Scientific Literature},
    author={Kern, Roman and Jack, Kris and Hristakeva, Maya and Granitzer, Michael},
    journal={D-Lib Magazine},
    volume={18},
    number={7},
    pages={1},
    year={2012},
    publisher={Corporation for National Research Initiatives}
}


@INPROCEEDINGS{Han-SVM,
    author={Hui Han and Giles, C.L. and Manavoglu, E. and Hongyuan Zha and Zhenyue Zhang and Fox, E.A.},
    booktitle={Digital Libraries, 2003. Proceedings. 2003 Joint Conference on},
    title={Automatic document metadata extraction using support vector machines},
    year={2003},
    pages={37-48},
    keywords={digital libraries;information retrieval;iterative methods;learning (artificial intelligence);learning automata;meta data;pattern classification;pattern clustering;text analysis;automatic document metadata extraction;data structural pattern;digital library;domain based word clustering;feature normalization;iterative convergence procedure;machine learning method;support vector machine classification-based method;Convergence;Data mining;Design methodology;Learning systems;Robustness;Scalability;Software libraries;Support vector machine classification;Support vector machines;Usability},
    doi={10.1109/JCDL.2003.1204842},
    month={May}
}

@INPROCEEDINGS{Seymore-HMM-IE,
    author = {Kristie Seymore and Andrew Mccallum and Ronald Rosenfeld},
    title = {Learning Hidden Markov Model Structure for Information Extraction},
    booktitle = {In AAAI 99 Workshop on Machine Learning for Information Extraction},
    year = {1999},
    pages = {37--42}
}

@inproceedings{Han-Giles-WC,
    author = {Han, Hui and Manavoglu, Eren and Zha, Hongyuan and Tsioutsiouliklis, Kostas and Giles, C. Lee and Zhang, Xiangmin},
    title = {Rule-based Word Clustering for Document Metadata Extraction},
    booktitle = {Proceedings of the 2005 ACM Symposium on Applied Computing},
    series = {SAC '05},
    year = {2005},
    isbn = {1-58113-964-0},
    location = {Santa Fe, New Mexico},
    pages = {1049--1053},
    numpages = {5},
    url = {http://doi.acm.org/10.1145/1066677.1066917},
    doi = {10.1145/1066677.1066917},
    acmid = {1066917},
    publisher = {ACM},
    address = {New York, NY, USA},
    keywords = {feature dimensionality reduction, word clustering}
} 

@ARTICLE{Rabiner-HMM,
    author = {L. R. Rabiner and B. H. Juang},
    title = {An introduction to hidden Markov models},
    journal = {IEEE ASSp Magazine},
    year = {1986}
}

@ARTICLE{Rabiner-HMM-Speech,
    author={Rabiner, L.},
    journal={Proceedings of the IEEE},
    title={A tutorial on hidden Markov models and selected applications in speech recognition},
    year={1989},
    volume={77},
    number={2},
    pages={257-286},
    keywords={Markov processes;speech recognition;balls-in-urns system;coin-tossing;discrete Markov chains;ergodic models;hidden Markov models;hidden states;left-right models;probabilistic function;speech recognition;Distortion;Hidden Markov models;Mathematical model;Multiple signal classification;Signal processing;Speech recognition;Statistical analysis;Stochastic processes;Temperature measurement;Tutorial},
    doi={10.1109/5.18626},
    ISSN={0018-9219},
    month={Feb}
}

@article{maximum-entropy,
    author = {Berger, Adam L. and Pietra, Vincent J. Della and Pietra, Stephen A. Della},
    title = {A Maximum Entropy Approach to Natural Language Processing},
    journal = {Comput. Linguist.},
    issue_date = {March 1996},
    volume = {22},
    number = {1},
    month = {mar},
    year = {1996},
    issn = {0891-2017},
    pages = {39--71},
    numpages = {33},
    url = {http://dl.acm.org/citation.cfm?id=234285.234289},
    acmid = {234289},
    publisher = {MIT Press},
    address = {Cambridge, MA, USA}
}

@inproceedings{Lafferty-CRF,
    author = {Lafferty, John D. and McCallum, Andrew and Pereira, Fernando C. N.},
    title = {Conditional Random Fields: Probabilistic Models for Segmenting and Labeling Sequence Data},
    booktitle = {Proceedings of the Eighteenth International Conference on Machine Learning},
    series = {ICML '01},
    year = {2001},
    isbn = {1-55860-778-1},
    pages = {282--289},
    numpages = {8},
    url = {http://dl.acm.org/citation.cfm?id=645530.655813},
    acmid = {655813},
    publisher = {Morgan Kaufmann Publishers Inc.},
    address = {San Francisco, CA, USA}
} 

@inproceedings{Peng-CRF-IE,
    author = {Fuchun Peng and Andrew McCallum},
    title = {Accurate information extraction from research papers using conditional random fields},
    booktitle = {HLT-NAACL04},
    year = {2004},
    pages = {329-336},
    publisher = {}
}

@inproceedings{citeseer,
    author = {Giles, C. Lee and Bollacker, Kurt D. and Lawrence, Steve},
    title = {CiteSeer: An Automatic Citation Indexing System},
    booktitle = {Proceedings of the Third ACM Conference on Digital Libraries},
    series = {DL '98},
    year = {1998},
    isbn = {0-89791-965-3},
    location = {Pittsburgh, Pennsylvania, USA},
    pages = {89--98},
    numpages = {10},
    url = {http://doi.acm.org/10.1145/276675.276685},
    doi = {10.1145/276675.276685},
    acmid = {276685},
    publisher = {ACM},
    address = {New York, NY, USA}
} 

@inproceedings{Granitzer-2012-LayoutBased,
    author = {Granitzer, Michael and Hristakeva, Maya and Knight, Robert and Jack, Kris and Kern, Roman},
    title = {A Comparison of Layout Based Bibliographic Metadata Extraction Techniques},
    booktitle = {Proceedings of the 2Nd International Conference on Web Intelligence, Mining and Semantics},
    series = {WIMS '12},
    year = {2012},
    isbn = {978-1-4503-0915-8},
    location = {Craiova, Romania},
    pages = {19:1--19:8},
    articleno = {19},
    numpages = {8},
    url = {http://doi.acm.org/10.1145/2254129.2254154},
    doi = {10.1145/2254129.2254154},
    acmid = {2254154},
    publisher = {ACM},
    address = {New York, NY, USA},
    keywords = {bibliographic metadata, layout features, metadata extraction, research papers}
} 


@Misc{Granitzer-2011-Results,
    Title = {Results and Raw Experimental Data on the E-Prints Data Set for A Comparison of Metadata Extraction Techniques for Crowed-source Bibliographic Metadata Management},
    Author = {Michael Granitzer},
    Year = {2011},
    Address = {London},
    Keywords = {TEAM Publication,experimental results,test data},
    Publisher = {Mendeley}
}

@inproceedings{Granitzer-2012-Crowdsourced,
    author = {Granitzer, Michael and Hristakeva, Maya and Jack, Kris and Knight, Robert},
    title = {A Comparison of Metadata Extraction Techniques for Crowdsourced Bibliographic Metadata Management},
    booktitle = {Proceedings of the 27th Annual ACM Symposium on Applied Computing},
    series = {SAC '12},
    year = {2012},
    isbn = {978-1-4503-0857-1},
    location = {Trento, Italy},
    pages = {962--964},
    numpages = {3},
    url = {http://doi.acm.org/10.1145/2245276.2245462},
    doi = {10.1145/2245276.2245462},
    acmid = {2245462},
    publisher = {ACM},
    address = {New York, NY, USA},
    keywords = {evaluation, metadata extraction, research papers}
}

@article{cameron,
    added-at = {2003-09-16T00:00:00.000+0200},
    author = {Cameron, Robert D.},
    biburl = {http://www.bibsonomy.org/bibtex/2da545a15fe36b741afe74992c6a3379e/dblp},
    date = {2003-09-16},
    description = {dblp},
    ee = {http://firstmonday.org/issues/issue2_4/cameron/index.html},
    interhash = {5c84f7044b9b443969b4bf04d6722915},
    intrahash = {da545a15fe36b741afe74992c6a3379e},
    journal = {First Monday},
    keywords = {dblp},
    number = 4,
    timestamp = {2003-09-16T00:00:00.000+0200},
    title = {A Universal Citation Database as a Catalyst for Reform in Scholarly Communication.},
    url = {http://dblp.uni-trier.de/db/journals/firstmonday/firstmonday2.html#Cameron97},
    volume = 2,
    year = 1997
}

@online{site-citeseer,
    title = {CiteSeerX},
    author = {PennState University},
    date = {2015},
    url = {http://citeseerx.ist.psu.edu},
    year = {2015}
}

@article{citeulike,
    author = {Emamy, Kevin and Cameron, Richard},
    comment = {Citeulike is a tool that has gained a significant audience in the academic community. Through helping users keep track of their own bibliographies, it naturally creates an environment that facilitates sharing and consumption of academic literature. Publishers can encourage Citeulike's use amongst their readers, thereby benefiting from enhanced exposure for their content and greater user engagement with content. Many are doing this by placing posting links at the article level on their content, and will soon be displaying statistics as well as popular tags from Citeulike on their sites.},
    journal = {Ariadne Issue 51},
    keywords = {citeulike},
    month = {apr},
    number = {Issue 51},
    posted-at = {2007-05-17 05:18:16},
    priority = {0},
    title = {{'Citeulike: A Researcher's Social Bookmarking Service',}},
    url = {http://www.ariadne.ac.uk/issue51/emamy-cameron/},
    year = {2007}
}

@inproceedings{machine-learning,
    title={An inductive inference machine},
    author={Solomonoff, Raymond J},
    booktitle={IRE Convention Record, Section on Information Theory, Part},
    volume={2},
    pages={56--62},
    year={1957}
}



@article{meta-dados,
    author = {Warwick Cathro},
    title = {Metadata: an overview},
    booktitle={Libraries Division, Standards Australia Seminar},
    journaltitle = {National Library of Australia Staff Papers},
    date = {1997},
    url = {http://www.nla.gov.au/openpublish/index.php/nlasp/article/view/1019/1289},
    year = {1997}
}

@book{foundations-machine-learning,
    author = {Mohri, Mehryar and Rostamizadeh, Afshin and Talwalkar, Ameet},
    title = {Foundations of Machine Learning},
    year = {2012},
    isbn = {026201825X, 9780262018258},
    publisher = {The MIT Press},
} 

@manual{dublin-core-1-1,
    author = {J. Kunze and T. Baker},
    editor = {Network Working Group},
    title = {The Dublin Core Metadata Element Set},
    date = {August 2007},
    url = {http://www.ietf.org/rfc/rfc5013.txt},
    urldate = {March 2015},
    year = {2007}
}

@incollection{dublin-core,
    author = {Stuart Weibel},
    editor = {Bulletin of the American Society for Information Science},
    title = {The Dublin Core: A simple content description format for electronic resources.},
    date = {November 1997},
    year = {1997},
    pages = {9-11}
}

@article{Vapnik-SVM,
    author = {Cortes, Corinna and Vapnik, Vladimir},
    title = {Support-Vector Networks},
    journal = {Mach. Learn.},
    issue_date = {Sept. 1995},
    volume = {20},
    number = {3},
    month = {sep},
    year = {1995},
    issn = {0885-6125},
    pages = {273--297},
    numpages = {25},
    url = {http://dx.doi.org/10.1023/A:1022627411411},
    doi = {10.1023/A:1022627411411},
    acmid = {218929},
    publisher = {Kluwer Academic Publishers},
    address = {Hingham, MA, USA},
    keywords = {efficient learning algorithms, neural networks, pattern recognition, polynomial classifiers, radial basis function classifiers}
} 

@inproceedings{Chieu,
    author = {Chieu, Hai Leong and Ng, Hwee Tou},
    title = {A Maximum Entropy Approach to Information Extraction from Semi-structured and Free Text},
    booktitle = {Eighteenth National Conference on Artificial Intelligence},
    year = {2002},
    isbn = {0-262-51129-0},
    location = {Edmonton, Alberta, Canada},
    pages = {786--791},
    numpages = {6},
    url = {http://dl.acm.org/citation.cfm?id=777092.777213},
    acmid = {777213},
    publisher = {American Association for Artificial Intelligence},
    address = {Menlo Park, CA, USA}
} 

%%%%%% don't have more information
@article{Zhang-HMM-IE,
    author = {Nancy R. Zhang},
    title = {Hidden Markov Models for Information Extraction},
    date = {June, 2001},
    year = {2001}
}

@inproceedings{Councill-Giles-2008-ParsCit,
    author = {Isaac G. Councill and C. Lee Giles and Min-yen Kan},
    title = {ParsCit: An open-source CRF reference string parsing package},
    booktitle = {International Language Resources and Evaluation},
    year = {2008},
    publisher = {European Language Resources Association}
}

@online{Citeulike-Website,
    author = {Fergus Gallagher},
    title = {CiteULike: Everyone's library},
    year = 2008,
    url = {http://citeulike.org},
    urldate = {2015-03-28}
}

@online{CiteULike-FAQ,
    author = {Fergus Gallagher},
    title = {CiteULike: Everyone's library},
    year = 2008,
    url = {http://www.citeulike.org/faq/faq.adp},
    urldate = {2015-03-28}
}

@inproceedings{Mendeley-LastFM,
    author = {Henning, Victor and Reichelt, Jan},
    title = {Mendeley - A Last.Fm For Research?},
    booktitle = {Proceedings of the 2008 Fourth IEEE International Conference on eScience},
    series = {ESCIENCE '08},
    year = {2008},
    isbn = {978-0-7695-3535-7},
    pages = {327--328},
    numpages = {2},
    url = {http://dx.doi.org/10.1109/eScience.2008.128},
    doi = {10.1109/eScience.2008.128},
    acmid = {1488947},
    publisher = {IEEE Computer Society},
    address = {Washington, DC, USA},
    keywords = {Mendeley, Last.fm, reference management, research paper management, sharing, citation metrics, usage-based reputation metrics, collaborative filtering}
} 

@manual{CrossRef-2009,
    title = {A short history of CrossRef},
    year = {2009},
    author = {CrossRef},
    organization = {CrossRef},
    url = {http://www.crossref.org/08downloads/CrossRef10Years.pdf},
    urldate = {2015-04-12}
}

@techreport{Bergmark:2000:AER:867169,
    author = {Bergmark, Donna},
    title = {Automatic Extraction of Reference Linking Information from Online Documents},
    year = {2000},
    source = {http://www.ncstrl.org:8900/ncstrl/servlet/search?formname=detail\&id=oai%3Ancstrlh%3Acornellcs%3ACORNELLCS%3ATR2000-1821},
    publisher = {Cornell University},
    address = {Ithaca, NY, USA}
} 

@misc{CrossRed-PDFExtract,
    author = {CrossRef Labs},
    title = {PDF Extract},
    year = {2011},
    url = {http://labs.crossref.org/pdfextract/}
}

@article{kleene-1956,
    author = {Kleene, S. C.},
    title = {Representation of Events in Nerve Nets and Finite Automata},
    journal = {Automata Studies},
    year = {1956},
    pages = {3-42}
} 

@article{thompson-1968,
    author = {Thompson, Ken},
    title = {Programming Techniques: Regular Expression Search Algorithm},
    journal = {Commun. ACM},
    issue_date = {June 1968},
    volume = {11},
    number = {6},
    month = jun,
    year = {1968},
    issn = {0001-0782},
    pages = {419--422},
    numpages = {4},
    url = {http://doi.acm.org/10.1145/363347.363387},
    doi = {10.1145/363347.363387},
    acmid = {363387},
    publisher = {ACM},
    address = {New York, NY, USA},
    keywords = {match, regular expression, search}
} 

@misc{posix-2013,
    author = {The Open Group},
    title = {The Open Group Base Specifications Issue 7},
    year = {2013},
    url = {http://pubs.opengroup.org/onlinepubs/9699919799/}
}

@book{oliver-1993,
    author = {Oliver, Ian},
    title = {Programming Classics: Implementing the World's Best Algorithms},
    year = {1993},
    isbn = {0-13-100413-1},
    publisher = {Prentice-Hall, Inc.},
    address = {Upper Saddle River, NJ, USA}
} 

@article{Sarawagi:2008:IE:1498844.1498845,
    author = {Sarawagi, Sunita},
    title = {Information Extraction},
    journal = {Found. Trends databases},
    issue_date = {March 2008},
    volume = {1},
    number = {3},
    month = mar,
    year = {2008},
    issn = {1931-7883},
    pages = {261--377},
    numpages = {117},
    url = {http://dx.doi.org/10.1561/1900000003},
    doi = {10.1561/1900000003},
    acmid = {1498845},
    publisher = {Now Publishers Inc.},
    address = {Hanover, MA, USA},
} 

@inproceedings{Cortez:2010:USI:1811136.1811145,
    author = {Cortez, Eli and da Silva, Altigran S.},
    title = {Unsupervised Strategies for Information Extraction by Text Segmentation},
    booktitle = {Proceedings of the Fourth SIGMOD PhD Workshop on Innovative Database Research},
    series = {IDAR '10},
    year = {2010},
    isbn = {978-1-4503-0191-6},
    location = {Indianapolis, Indiana},
    pages = {49--54},
    numpages = {6},
    url = {http://doi.acm.org/10.1145/1811136.1811145},
    doi = {10.1145/1811136.1811145},
    acmid = {1811145},
    publisher = {ACM},
    address = {New York, NY, USA},
    keywords = {data management, information extraction, text segmentation},
} 

@inproceedings{Cortez:2007:FFU:1255175.1255219,
    author = {Cortez, Eli and da Silva, Altigran S. and Gon\c{c}alves, Marcos Andr{\'e} and Mesquita, Filipe and de Moura, Edleno S.},
    title = {FLUX-CIM: Flexible Unsupervised Extraction of Citation Metadata},
    booktitle = {Proceedings of the 7th ACM/IEEE-CS Joint Conference on Digital Libraries},
    series = {JCDL '07},
    year = {2007},
    isbn = {978-1-59593-644-8},
    location = {Vancouver, BC, Canada},
    pages = {215--224},
    numpages = {10},
    url = {http://doi.acm.org/10.1145/1255175.1255219},
    doi = {10.1145/1255175.1255219},
    acmid = {1255219},
    publisher = {ACM},
    address = {New York, NY, USA},
    keywords = {citation management, metadata extraction},
} 

